@online{gameCost,
	key = {How Much Does It Cost To Make A Big Video Game?},
  	title = {How Much Does It Cost To Make A Big Video Game?},
  	howpublished = {\url{http://kotaku.com/how-much-does-it-cost-to-make-a-big-video-game-1501413649}},
  	note = {[Accessed: 2015-01-20]}
}